<record><leader>00000cas a22000007a 4500</leader><controlfield tag="001">18419497</controlfield><controlfield tag="008">880829d18511852ohuir ne      0    0eng d</controlfield><datafield ind1=" " ind2=" " tag="010"><subfield code="a">sn 88078836 </subfield></datafield><datafield ind1=" " ind2=" " tag="040"><subfield code="a">ONP</subfield><subfield code="b">eng</subfield><subfield code="c">ONP</subfield><subfield code="d">OCLCQ</subfield></datafield><datafield ind1=" " ind2=" " tag="042"><subfield code="a">msc</subfield></datafield><datafield ind1="0" ind2=" " tag="130"><subfield code="a">Intelligencer (Marietta, Ohio : 1851)</subfield></datafield><datafield ind1="1" ind2="4" tag="245"><subfield code="a">The Intelligencer.</subfield></datafield><datafield ind1=" " ind2=" " tag="260"><subfield code="a">Marietta [Ohio] :</subfield><subfield code="b">Beaman Gates,</subfield><subfield code="c">1851-1852.</subfield></datafield><datafield ind1=" " ind2=" " tag="310"><subfield code="a">Triweekly</subfield></datafield><datafield ind1="0" ind2=" " tag="362"><subfield code="a">Vol. 1, no. 1 (Oct. 11, 1851)-v. 1, no. 72 (Apr. 3, 1852).</subfield></datafield><datafield ind1=" " ind2=" " tag="580"><subfield code="a">Weekly ed.: Marietta intelligencer (Marietta, Ohio : 1839).</subfield></datafield><datafield ind1=" " ind2=" " tag="752"><subfield code="a">United States</subfield><subfield code="b">Ohio</subfield><subfield code="c">Washington</subfield><subfield code="d">Marietta.</subfield></datafield><datafield ind1="1" ind2=" " tag="775"><subfield code="t">Marietta intelligencer (Marietta, Ohio : 1839)</subfield><subfield code="w">(DLC)sn 84028528</subfield></datafield><datafield ind1="0" ind2="0" tag="785"><subfield code="t">Marietta intelligencer (Marietta, Ohio : 1852)</subfield><subfield code="w">(DLC)sn 84028529</subfield></datafield></record>